@article{gradientTDNN,
	title={Gradient Temporal Difference Networks},
	author={Silver, David},
	journal={JMLR: Workshop and Conference Proceedings},
	volume={24},
	pages={117-129},
	year={2012}
}

@book{stanfordTDNN,
	title={Explorations in Parallel Distributed Processing: A Handbook of Models, Programs, and Exercises},
	author={McClelland, James},
	edition={Second},
	publisher={Stanford},
	year={2014}
}

@phdthesis{robotTDNN,
	title={Reinforcement Learning for Robots Using Neural Networks},
	author={Lin, Long-Ji},
	school={Carnegie Mellon University},
	year={1993}
}


@misc{pptMinimax,
	title={Technical Game Development II},
	author={Rich, Charles}
}

